@article{Aegerter2007Model,
  title = {{Model for the regulation of size in the wing imaginal disc of Drosophila}},
  author = {Aegerter-Wilmsen, T. and Aegerter, C.M. and Hafen, E. and Basler, K.},
  journal = {Mech. Dev.},
  volume = {124},
  pages = {318--326},
  year = {2007}
}

@article{Aegerter2010Exploring,
  title = {{Exploring the effects of mechanical feedback on epithelial topology}},
  author = {Aegerter-Wilmsen, T. and Smith, A.C. and Christen, A.J. and Aegerter, C.M. and Hafen, E. and Basler, K.},
  journal = {Development},
  volume = {137},
  pages = {499--506},
  year = {2010}
}

@ARTICLE{Alber2007Continuous,
  title = {Continuous macroscopic limit of a discrete stochastic model for interaction of living cells},
  author = {Alber, M. and Chen, N. and Lushnikov, P.M. and Newman, S.A.},
  journal = {Phys. Rev. Lett.},
  volume = {99},
  pages = {168102},
  year = {2007}
}

@BOOK{Alberts2002Molecular,
  title = {Molecular Biology of the Cell},
  publisher = {Garland Science},
  year = {2002},
  author = {Alberts, B. and Johnson, A. and Lewis, J. and Raff, M. and Roberts,
	K. and Walter, P.},
  edition = {Fourth}
}

@ARTICLE{Bittig2008Dynamics,
  author = {Bittig, T. and Wartlick, O. and Kicheva, A. and Gonz\'{a}lez-Gait{\'a}n, M. and J\"{u}licher, F.},
  title = {Dynamics of anisotropic tissue growth},
  journal = {New J. Phys.},
  year = {2008},
  volume = {10},
  pages = {063001}
}

@ARTICLE{Brodland2000aMechanics,
  author = {Brodland, G.W. and Chen, H.H.},
  title = {{The mechanics of cell sorting and envelopment}},
  journal = {J. Biomech.},
  year = {2000a},
  volume = {33},
  pages = {845--851}
}

@ARTICLE{Brodland2000bMechanics,
  author = {Brodland, G.W. and Chen, H.H.},
  title = {{The mechanics of heterotypic cell aggregates: Insights from computer simulations}},
  journal = {J. Biomech. Eng.},
  year = {2000b},
  volume = {122},
  pages = {402--407}
}

@ARTICLE{Brodland2002Computer,
  author = {Brodland, G.W. and Veldhuis, J.H.},
  title = {{Computer simulations of mitosis and interdependencies between mitosis orientation, cell shape and epithelia reshaping}},
  journal = {J. Biomech.},
  year = {2002},
  volume = {35},
  pages = {673--681}
}

@ARTICLE{Brodland2004aComputational,
  author = {Brodland, G.W.},
  title = {{Computational modeling of cell sorting, tissue engulfment, and related phenomena: A review}},
  journal = {Appl. Mech. Rev.},
  year = {2004a},
  volume = {57},
  pages = {47--77}
}

@ARTICLE{Brodland2004bMechanical,
  author = {Brodland, G.W. and Wiebe, C.J.},
  title = {{Mechanical effects of cell anisotropy on epithelia}},
  journal = {Comput. Meth. Biomech. Biomed. Eng.},
  year = {2004b},
  volume = {7},
  pages = {91--99}
}

@ARTICLE{Brodland2006cell-based,
  author = {Brodland, G.W. and Chen, D.I.L. and Veldhuis, J.H.},
  title = {{A cell-based constitutive model for embryonic epithelia and other planar aggregates of biological cells}},
  journal = {Int. J. Plasticity},
  year = {2006},
  volume = {22},
  pages = {965--995}
}

@ARTICLE{Brodland2007new,
  author = {Brodland, G.W.},
  title = {{A new cell-based FE model for the mechanics of embryonic epithelia}},
  journal = {Comput. Meth. Biomech. Biomed. Eng.},
  year = {2007},
  volume = {10},
  pages = {121--128}
}

@ARTICLE{Cai2007Multi-scale,
  author = {Cai, A.Q. and Landman, K.A. and Hughes, B.D.},
  title = {{Multi-scale modeling of a wound-healing cell migration assay}},
  journal = {J. Theor. Biol.},
  year = {2007},
  volume = {245},
  pages = {576--594}
}

@ARTICLE{Chaturvedi2005multiscale,
  author = {Chaturvedi, R. and Huang, C. and Kazmierczak, B. and Schneider, T.
	        and Izaguirre, JA and Glimm, T. and Hentschel, H.G.E. and Glazier,
	        J.A. and Newman, S.A. and Alber, M.S.},
  title = {{On multiscale approaches to three-dimensional modelling of morphogenesis}},
  journal = {J. Roy. Soc. Interface},
  year = {2005},
  volume = {2},
  pages = {237--253}
}

@ARTICLE{Chen2000Cell-Level,
  author = {Chen, H.H. and Brodland, G.W.},
  title = {Cell-level finite element studies of viscous cells in planar aggregates},
  journal = {J. Biomech. Eng.},
  year = {2000},
  volume = {122},
  pages = {394--401}
}

@ARTICLE{Chen2008Multi-scale,
  author = {Chen, X. and Brodland, G.W.},
  title = {{Multi-scale finite element modeling allows the mechanics of amphibian neurulation to be elucidated}},
  journal = {Phys. Biol.},
  year = {2008},
  volume = {5},
  pages = {015003}
}

@ARTICLE{Cickovski2005framework,
  author = {Cickovski, T.M. and Huang, C. and Chaturvedi, R. and Glimm, T. and Hentschel, H.G.E.
            and Alber, M.S. and Glazier, J.A. and Newman, S.A. and Izaguirre, J.A.},
  title = {A framework for three-dimensional simulation of morphogenesis},
  journal = {IEEE/ACM Transactions on Computational Biology and Bioinformatics},
  year = {2005},
  volume = {2},
  pages = {273--288}
}

@book{Coxeter1973Regular,
  title = {{Regular polytopes}},
  author = {Coxeter, H.S.M.},
  year = {1973},
  publisher = {Dover}
}

@ARTICLE{Dallon2004How,
  author = {Dallon, J.C. and Othmer, H.G.},
  title = {{How cellular movement determines the collective force generated by the \emph{Dictyostelium discoideum} slug}},
  journal = {J. Theor. Biol.},
  year = {2004},
  volume = {231},
  pages = {203--222}
}

@ARTICLE{Drasdo1995Monte,
  author = {Drasdo, D. and H\"{o}hme, S.},
  title = {{Monte Carlo approach to tissue--cell populations}},
  journal = {Phys. Rev. E},
  year = {1995},
  volume = {52},
  pages = {6635--6657}
}

@ARTICLE{Drasdo2003Individual,
  author = {Drasdo, D. and H\"{o}hme, S.},
  title = {Individual--based approaches to birth and death in avascular tumors},
  journal = {Math. Comput. Model.},
  year = {2003},
  volume = {37},
  pages = {1163--1175}
}

@ARTICLE{Drasdo2005Coarse,
  author = {Drasdo, D.},
  title = {Coarse graining in simulated cell populations},
  journal = {Adv. Complex Syst.},
  year = {2005},
  volume = {8},
  pages = {319--363}
}

@ARTICLE{Drasdo2007Role,
  author = {Drasdo, D. and Hoehme, S. and Block, M.},
  title = {{On the role of physics in the growth and pattern formation of multi-cellular systems: What can we learn from individual-cell based models?}},
  journal = {J. Stat. Phys.},
  year = {2007},
  volume = {128},
  pages = {287--345}
}

@article{Ermentrout1993Cellular,
  title={{Cellular automata approaches to biological modeling}},
  author={Ermentrout, G.B. and Edelstein-Keshet, L.},
  journal={J. Theor. Biol.},
  volume={160},
  pages={97--97},
  year={1993}
}

@ARTICLE{Farhadifar2007Influence,
  author = {Farhadifar, R. and R{\"o}per, J.C. and Aigouy, B. and Eaton, S. and
	J{\"u}licher, F.},
  title = {The influence of cell mechanics, cell-cell interactions, and proliferation on epithelial packing},
  journal = {Curr. Biol.},
  year = {2007},
  volume = {17},
  pages = {2095--2104}
}

@ARTICLE{Fernandez-Gonzalez2008Epithelial,
  author = {Fernandez-Gonzalez, R. and Zallen, J.A.},
  title = {{Epithelial organization: May the force be with you}},
  journal = {Curr. Biol.},
  year = {2008},
  volume = {18},
  pages = {163--165}
}

@ARTICLE{Foty2005differential,
  author = {Foty, R.A. and Steinberg, M.S.},
  title = {The differential adhesion hypothesis: a direct evaluation},
  journal = {Dev. Biol.},
  year = {2005},
  volume = {278},
  pages = {255--263}
}

@article{Fozard2010Continuum,
  title = {Continuum approximations of individual-based models for epithelial monolayers},
  author = {Fozard, J.A. and Byrne, H.M. and Jensen, O.E. and King, J.R.},
  journal = {Math. Med. Biol.},
  year = {2010},
  volume = {27},
  pages = {39--74}
}

@ARTICLE{Galle2005Modeling,
  author = {Galle, J. and Loeffler, M. and Drasdo, D.},
  title = {Modeling the effect of deregulated proliferation and apoptosis on
	the growth dynamics of epithelial cell populations {\it in vitro}},
  journal = {Biophys. J.},
  year = {2005},
  volume = {88},
  pages = {62--75}
}

@ARTICLE{Galle2006Individual,
  author = {Galle, J. and Aust, G. and Schaller, G. and Beyer, T. and Drasdo, D.},
  title = {Individual cell-based models of the spatio-temporal organisation	of multicellular systems -- achievements and limitations},
  journal = {Cytometry Part A},
  year = {2006},
  volume = {69A},
  pages = {704--710}
}

@ARTICLE{Galle2009Contact,
  author = {Galle, J. and Preziosi, L. and Tosin, A.},
  title = {{Contact inhibition of growth described using a multiphase model
	and an individual cell based model}},
  journal = {Appl. Math. Lett.},
  year = {2009},
  volume = {22},
  pages = {1483--1490}
}

@ARTICLE{Glazier1993Simulation,
  author = {Glazier, J.A. and Graner, F.},
  title = {{Simulation of the differential adhesion driven rearrangement of
	biological cells}},
  journal = {Phys. Rev. E},
  year = {1993},
  volume = {47},
  pages = {2128--2154}
}

@ARTICLE{Hardin2004Models,
  author = {Hardin, J. and Walston, T.},
  title = {{Models of morphogenesis: the mechanisms and mechanics of cell rearrangement}},
  journal = {Curr. Opin. Genet. Dev.},
  year = {2004},
  volume = {14},
  pages = {399--406}
}

@ARTICLE{Harris1976Is,
  author = {Harris, A.K.},
  title = {{Is cell sorting caused by differences in the work of intercellular
	adhesion? A critique of the Steinberg hypothesis.}},
  journal = {J. Theor. Biol.},
  year = {1976},
  volume = {61},
  pages = {267--285}
}

@ARTICLE{Hilgenfeldt2008Physical,
  author = {Hilgenfeldt, S. and Erisken, S. and Carthew, R.W.},
  title = {Physical modeling of cell geometric order in an epithelial tissue},
  journal = {Proc. Natl. Acad. Sci. U.S.A.},
  year = {2008},
  volume = {105},
  pages = {907--911}
}

@ARTICLE{Hirohashi1998Inactivation,
  author = {Hirohashi, S.},
  title = {{Inactivation of the E--cadherin--mediated cell adhesion system in
	human cancers}},
  journal = {Am. J. Pathol.},
  year = {1998},
  volume = {153},
  pages = {333--339}
}

@ARTICLE{Honda1978Description,
  author = {Honda, H.},
  title = {{Description of cellular patterns by Dirichlet domains: the two-dimensional case}},
  journal = {J. Theor. Biol.},
  year = {1978},
  volume = {72},
  pages = {523--543}
}

@ARTICLE{Honda1980How,
  author = {Honda, H. and Eguchi, G.},
  title = {{How much does the cell boundary contract in a monolayered cell sheet?}},
  journal = {J. Theor. Biol.},
  year = {1980},
  volume = {84},
  pages = {575--88}
}

@ARTICLE{Honda1982Cell,
  author = {Honda, H. and Ogita, Y. and Higuchi, S. and Kani, K.},
  title = {{Cell movements in a living mammalian tissue: Long-term observation
	of individual cells in wounded corneal endothelia of cats}},
  journal = {J. Morphol.},
  year = {1982},
  volume = {174},
  pages = {25--39}
}

@ARTICLE{Honda2004three-dimensional,
  author = {Honda, H. and Tanemura, M. and Nagai, T.},
  title = {{A three-dimensional vertex dynamics cell model of space-filling
	polyhedra simulating cell behavior in a cell aggregate}},
  journal = {J. Theor. Biol.},
  year = {2004},
  volume = {226},
  pages = {439--453}
}

@ARTICLE{Honda1986Transformation,
  author = {Honda, H. and Yamanaka, H. and Eguchi, G.},
  title = {{Transformation of a polygonal cellular pattern during sexual maturation
	of the avian oviduct epithelium: computer simulation}},
  journal = {Development},
  year = {1986},
  volume = {98},
  pages = {1--19}
}

@ARTICLE{Hutson2008Cell,
  author = {Hutson, M.S. and Brodland, G.W. and Yang, J. and Viens, D.},
  title = {Cell sorting in three dimensions: topology, fluctuations, and fluidlike instabilities},
  journal = {Phys. Rev. Lett.},
  year = {2008},
  volume = {101},
  pages = {148105}
}

@ARTICLE{Izaguirre2004CompuCell,
  author = {Izaguirre, J.A. and Chaturvedi, R. and Huang, C. and Cickovski, T.
	and Coffland, J. and Thomas, G. and Forgacs, G. and Alber, M. and
	Hentschel, G. and Newman, S.A. and Glazier, J.A.},
  title = {{CompuCell, a multi-model framework for simulation of morphogenesis}},
  journal = {Bioinformatics},
  year = {2004},
  volume = {20},
  pages = {1129--1137}
}

@article{Landsberg2009Increased,
  title = {{Increased cell bond tension governs cell sorting at the Drosophila anteroposterior compartment boundary}},
  author = {Landsberg, K.P. and Farhadifar, R. and Ranft, J. and Umetsu, D. and Widmann, T.J. and Bittig, T. and Said, A. and Julicher, F. and Dahmann, C.},
  journal = {Curr. Biol.},
  volume = {19},
  pages = {1950--1955},
  year = {2009}
}

@article{Leeuwen2009Integrative,
  title={{An integrative computational model for intestinal tissue renewal}},
  author={Van Leeuwen, I.M.M. and Mirams, G.R. and Walter, A. and Fletcher, A. and Murray, P. and Osborne, J. and Varma, S. 
          and Young, S.J. and Cooper, J. and Doyle, B. and Pitt-Francis, J. and Momtahan, L. and Pathmanathan, P. and Whiteley, J.P. 
          and Chapman, S.J. and Gavaghan, D.J. and Jensen, O.E.	and King, J.R.	and Maini, P.K.	and Waters, S.L. and Byrne, H.M.},
  journal={Cell Prolif.},
  volume={42},
  pages={617--636},
  year={2009}
}

@ARTICLE{Maree2001How,
  author = {Maree, A.F.M. and Hogeweg, P.},
  title = {{How amoeboids self-organize into a fruiting body: Multicellular
	coordination in Dictyostelium discoideum}},
  journal = {Proc. Natl. Acad. Sci. U.S.A.},
  year = {2001},
  volume = {98},
  pages = {3879--3883}
}

@ARTICLE{Meineke2001Cell,
  author = {Meineke, F. A. and Potten, C. S. and Loeffler, M. },
  title = {Cell migration and organization in the intestinal crypt using a lattice-free	model},
  journal = {Cell Prolif.},
  year = {2001},
  volume = {34},
  pages = {253--266}
}

@ARTICLE{Merks2005cell-centered,
  author = {Merks, R.M.H. and Glazier, J.A.},
  title = {A cell-centered approach to developmental biology},
  journal = {Physica A},
  year = {2005},
  volume = {352},
  pages = {113--130}
}

@ARTICLE{Metropolis1953Combinatorial,
  author = {Metropolis, N. and Rosenbluth, A.W. and Rosenbluth, M.N. and Teller,
	A.H. and Teller, E.},
  title = {Combinatorial minimization},
  journal = {J. Chem. Phys.},
  year = {1953},
  volume = {21},
  pages = {1087--1092}
}

@article{Murray2009Discrete,
  title={{From a discrete to a continuum model of cell dynamics in one dimension}},
  author={Murray, P.J. and Edwards, C.M. and Tindall, M.J. and Maini, P.K.},
  journal={Phys. Rev. E},
  volume={80},
  pages={031912--1},
  year={2009}
}

@ARTICLE{Nagai2001dynamic,
  author = {Nagai, T. and Honda, H.},
  title = {A dynamic cell model for the formation of epithelial tissues},
  journal = {Philos. Mag. B},
  year = {2001},
  volume = {81},
  pages = {699--719}
}

@INPROCEEDINGS{Nagai2006Wound,
  author = {Nagai, T. and Honda, H.},
  title = {Wound healing mechanism in epithelial tissues cell adhesion to basal lamina},
  booktitle = {Proceedings of the 2006 WSEAS Int. Conf. on Cellular \& Molecular
	Biology, Biophysics \& Bioengineering},
  year = {2006},
  pages = {111--116},
  publisher = {WSEAS Press},
  journal = {WSEAS Transactions on Biology and Biomedicine}
}

@ARTICLE{Newman2007Grid-Free,
  author = {Newman, T.J.},
  title = {Grid-free models of multicellular systems, with an application to large-scale vortices accompanying primitive streak formation},
  journal = {Curr. Top. Dev. Biol.},
  year = {2008},
  volume = {81},
  pages = {157--182}
}

@INBOOK{Newman2007Modeling,
  author = {Newman, T.J.},
  chapter = {{Modeling multicellular structures using the subcellular element model}},
  title = {Single-Cell-Based Models in Biology and Medicine},
  editor = {Anderson, A.R.A. and Chaplain, M.A.J. and Rejniak, K.A.},
  series = {Mathematics and Biosciences in Interaction},
  year = {2007},
  pages = {221--239},
  publisher = {Birkh\"{a}user Verlag, Basel}
}

@ARTICLE{Newman2004Many-body,
  author = {Newman, TJ and Grima, R.},
  title = {{Many-body theory of chemotactic cell-cell interactions}},
  journal = {Phys. Rev. E},
  year = {2004},
  volume = {70},
  pages = {51916}
}

@ARTICLE{Newman2005Modeling,
  author = {Newman, T J},
  title = {Modeling multi-cellular systems using sub-cellular elements},
  journal = {Math. Biosci. Eng.},
  year = {2005},
  volume = {2},
  pages = {611--622}
}

@ARTICLE{Nijs1979relation,
  author = {den Nijs, M.P.M.},
  title = {{A relation between the temperature exponents of the eight-vertex and q-state Potts model}},
  journal = {J. Phys. A},
  year = {1979},
  volume = {12},
  pages = {1857--1868}
}

@article{Osborne2010Hybrid,
  title = {{A hybrid approach to multi-scale modelling of cancer}},
  author = {Osborne, J.M. and Walter, A. and Kershaw, S.K. and Mirams, G.R. and Fletcher, A.G. and Pathmanathan, P. and Gavaghan, D. 
            and Jensen, O.E. and Maini, P.K. and Byrne, H.M.},
  journal = {Phil. Trans. Roy. Soc.A},
  volume = {368},
  pages = {5013--5028},
  year = {2010}
}

@article{Pathmanathan2009Computational,
  title = {{A computational study of discrete mechanical tissue models}},
  author = {Pathmanathan, P. and Cooper, J. and Fletcher, A. and Mirams, G. and Murray, P. and Osborne, J. and Pitt-Francis, J. 
            and Walter, A. and Chapman, S.J.},
  journal = {Phys. Biol.},
  volume = {6},
  pages = {036001},
  year = {2009}
}

@article{Pitt-Francis2008Chaste,
  title = {{Chaste: using agile programming techniques to develop computational biology software}},
  author = {Pitt-Francis, J. and Bernabeu, M.O. and Cooper, J. and Garny, A. and Momtahan, L. and Osborne, J. and Pathmanathan, P. 
            and Rodriguez, B. and Whiteley, J.P. and Gavaghan, D.J.},
  journal = {Phil. Trans. Roy. Soc. A},
  volume = {366},
  pages = {3111--3136},
  year = {2008}
}

@article{Pitt-Francis2009Chaste,
  title = {{Chaste: a test-driven approach to software development for biological modelling}},
  author = {Pitt-Francis, J. and Pathmanathan, P. and Bernabeu, M.O. and Bordas, R. and Cooper, J. and Fletcher, A.G. and Mirams, G.R. 
            and Murray, P. and Osborne, J.M. and Walter, A. and Chapman, S.J. and Garny, A. and {van Leeuwen}, I.M.M. and Maini, P.K. 
            and Rodriguez, B. and Waters, S.L. and Whiteley, J.P. and Byrne, H.M. and Gavaghan, D.J.},
  journal = {Comp. Phys. Comm.},
  volume = {180},
  number = {12},
  pages = {2452--2471},
  year = {2009}
}

@ARTICLE{Radice1980Spreading,
  author = {Radice, G.P.},
  title = {{The spreading of epithelial cells during wound closure in Xenopus larvae}},
  journal = {Dev. Biol.},
  year = {1980},
  volume = {76},
  pages = {26--46}
}

@article{Rauzi2008Nature,
  title = {{Nature and anisotropy of cortical forces orienting Drosophila tissue morphogenesis}},
  author = {Rauzi, M. and Verant, P. and Lecuit, T. and Lenne, P.F.},
  journal = {Nat. Cell Biol.},
  volume = {10},
  pages = {1401--1410},
  year = {2008}
}

@ARTICLE{Rudge2005Computational,
  author = {Rudge, T. and Haseloff, J.},
  title = {A computational model of cellular morphogenesis in plants},
  journal = {Journal of Advances in Artificial Life},
  year = {2005},
  volume = {3630},
  pages = {78--87}
}

@ARTICLE{Sandersius2008Modeling,
  author = {Sandersius, S.A. and Newman, T.J.},
  title = {{Modeling cell rheology with the Subcellular Element Model}},
  journal = {Phys. Biol.},
  year = {2008},
  volume = {5},
  pages = {015002}
}

@ARTICLE{Schaller2004Kinetic,
  author = {Schaller, G. and Meyer--Hermann, M.},
  title = {Kinetic and dynamic {Delaunay} tetrahedralizations in three dimensions},
  journal = {Comput. Phys. Commun.},
  year = {2004},
  volume = {162},
  pages = {9--23}
}

@ARTICLE{Schaller2005Multicellular,
  author = {Schaller, G. and Meyer--Hermann, M.},
  title = {Multicellular tumor spheroid in an off--lattice {Voronoi--Delaunay}
	cell model},
  journal = {Phys. Rev. E},
  year = {2005},
  volume = {71},
  pages = {051910--051925}
}

@ARTICLE{Schaller2006Continuum,
  author = {Schaller, G. and Meyer-Hermann, M.},
  title = {{Continuum versus discrete model: a comparison for multicellular tumour spheroids}},
  journal = {Phil. Trans. R. Soc. A},
  year = {2006},
  volume = {364},
  pages = {1443--1464}
}

@ARTICLE{Simpson2007Simulating,
  author = {Simpson, M.J. and Merrifield, A. and Landman, K.A. and Hughes, B.D.},
  title = {{Simulating invasion with cellular automata: Connecting cell-scale and population-scale properties}},
  journal = {Phys. Rev. E},
  year = {2007},
  volume = {76},
  pages = {21918}
}

@ARTICLE{SmithSubmitted,
  author = {Smith, A.M. and Baker, R.E. and Kay, D. and Maini, P.K},
  title = {Incorporating chemical signalling factors into cell-based models of growing epithelial tissues},
  journal = {J. Math. Biol.},
  year = {2011},
  pages ={Submitted}
}

@ARTICLE{Steinberg1970Does,
  author = {Steinberg, M.S.},
  title = {{Does differential adhesion govern self-assembly processes in histogenesis? 
            Equilibrium configurations and the emergence of a hierarchy among populations of embryonic cells}},
  journal = {J. Exp. Zool.},
  year = {1970},
  volume = {173},
  pages = {395--433}
}

@ARTICLE{Takeichi1990Cadherins,
  author = {Takeichi, M.},
  title = {Cadherins: a molecular family important in selective cell-cell adhesion},
  journal = {Annu. Rev. Biochem,},
  volume = {59},
  pages = {237--252},
  year = {1990}
}
  
@ARTICLE{Turner2004From,
  author = {Turner, S. and Sherratt, J.A. and Painter, K.J. and Savill, N.J.},
  title = {{From a discrete to a continuous model of biological cell movement}},
  journal = {Phys. Rev. E: Stat., Nonlinear, Soft Matter Phys.},
  year = {2004},
  volume = {69},
  pages = {21910}
}

@ARTICLE{Viens2007Three-dimensional,
  author = {Viens, D. and Brodland, G.W.},
  title = {A three-dimensional finite element model for the mechanics of cell-cell interactions},
  journal = {J. Biomech. Eng.},
  year = {2007},
  volume = {129},
  pages = {651--657}
}

@ARTICLE{Weliky1990Mechanical,
  author = {Weliky, M. and Oster, G.},
  title = {{The mechanical basis of cell rearrangement. I. Epithelial morphogenesis during Fundulus epiboly}},
  journal = {Development},
  year = {1990},
  volume = {109},
  pages = {373--386}
}

@ARTICLE{Weliky1991Notochord,
  author = {Weliky, M. and Minsuk, S. and Keller, R. and Oster, G.},
  title = {{Notochord morphogenesis in Xenopus laevis: simulation of cell behavior 
            underlying tissue convergence and extension}},
  journal = {Development},
  year = {1991},
  volume = {113},
  pages = {1231--1244}
}
